<record><leader>00000cas a22000007a 4500</leader><controlfield tag="001">16067011</controlfield><controlfield tag="008">870624d196919uuiauwr ne      0    0eng d</controlfield><controlfield tag="009">5087</controlfield><datafield ind1=" " ind2=" " tag="010"><subfield code="a">sn 87058399 </subfield></datafield><datafield ind1=" " ind2=" " tag="040"><subfield code="a">INP</subfield><subfield code="b">eng</subfield><subfield code="c">INP</subfield><subfield code="d">NSD</subfield></datafield><datafield ind1=" " ind2=" " tag="042"><subfield code="a">msc</subfield></datafield><datafield ind1="0" ind2=" " tag="130"><subfield code="a">Union (West Union, Iowa)</subfield></datafield><datafield ind1="0" ind2="4" tag="245"><subfield code="a">The union.</subfield></datafield><datafield ind1=" " ind2=" " tag="260"><subfield code="a">West Union, Iowa :</subfield><subfield code="b">Union Print. Co.,</subfield><subfield code="c">1969-</subfield></datafield><datafield ind1=" " ind2=" " tag="300"><subfield code="a">v.</subfield></datafield><datafield ind1=" " ind2=" " tag="310"><subfield code="a">Weekly</subfield></datafield><datafield ind1="0" ind2=" " tag="362"><subfield code="a">Vol. 118, no. 27 (July 3, 1969)-</subfield></datafield><datafield ind1=" " ind2=" " tag="752"><subfield code="a">United States</subfield><subfield code="b">Iowa</subfield><subfield code="c">Fayette</subfield><subfield code="d">West Union.</subfield></datafield><datafield ind1="0" ind2="0" tag="780"><subfield code="t">Fayette County union and the West Union Argo-gazette</subfield><subfield code="w">(DLC)sn 87058398</subfield></datafield><datafield ind1="0" ind2="0" tag="785"><subfield code="t">Fayette county union (West Union, Iowa : 1995)</subfield><subfield code="x">1087-1152</subfield><subfield code="w">(DLC)sn 96003206</subfield><subfield code="w">(OCoLC)34182475</subfield></datafield></record>